<collection xmlns="http://www.loc.gov/MARC21/slim">
<record>
  <leader>00855nam0a22001691i 450 </leader>
  <controlfield tag="001">IT\ICCU\CNCE\040894</controlfield>
  <controlfield tag="005">19981120000000.0</controlfield>
  <datafield tag="012" ind1=" " ind2=" ">
    <subfield code="a">r;o; e-89 usus ctod (3) 1580 (R)</subfield>
    <subfield code="2">fei</subfield>
  </datafield>
  <datafield tag="100" ind1=" " ind2=" ">
    <subfield code="a">19981120d1580        0itac0103    ba</subfield>
  </datafield>
  <datafield tag="101" ind1=" " ind2=" ">
    <subfield code="a">LAT</subfield>
  </datafield>
  <datafield tag="102" ind1=" " ind2=" ">
    <subfield code="a">IT</subfield>
  </datafield>
  <datafield tag="200" ind1="1" ind2=" ">
    <subfield code="a">Directorium in logicam, phylosophiam, atque theologiam, ad mentem Scoti doctoris subtilis; secundum ordinem alphabeti digestum, in iuuenumque gratiam penetrali Scoti ingredi cupientium, multa facilitate illustratum. Per F. Constantium Sarnanum ...</subfield>
  </datafield>
  <datafield tag="210" ind1=" " ind2=" ">
    <subfield code="a">Venetiis</subfield>
    <subfield code="c">\Damiano Zenaro!</subfield>
    <subfield code="d">1580</subfield>
    <subfield code="e">Venetiis</subfield>
    <subfield code="g">\Damiano Zenaro!</subfield>
    <subfield code="h">1580</subfield>
  </datafield>
  <datafield tag="215" ind1=" " ind2=" ">
    <subfield code="a">\8!, 183, \1! c.</subfield>
    <subfield code="d"></subfield>
  </datafield>
  <datafield tag="300" ind1=" " ind2=" ">
    <subfield code="a"></subfield>
  </datafield>
  <datafield tag="801" ind1=" " ind2="3">
    <subfield code="a">IT</subfield>
    <subfield code="b">ICCU</subfield>
    <subfield code="c">20201114</subfield>
  </datafield>
  <datafield tag="899" ind1=" " ind2=" ">
    <subfield code="a">Biblioteca nazionale centrale. Roma</subfield>
    <subfield code="1">RM0267</subfield>
    <subfield code="2">BVE CR</subfield>
  </datafield>
</record>
</collection>
